@article{karaman2011sampling,
  author = {Karaman, Sertac and Frazzoli, Emilio},
  title ={{Sampling-based Algorithms for Optimal Motion Planning}},
  journal = {The International Journal of Robotics Research},
  volume={30},
  number={7},
  pages={846-894},
  year={2011},
  doi = {10.1177/0278364911406761},
  url = {https://doi.org/10.1177/0278364911406761},
}

% rrt star

@ARTICLE{2020Neural,
  author={Wang, Jiankun and Chi, Wenzheng and Li, Chenming and Wang, Chaoqun and Meng, Max Q.-H.},
  journal={IEEE Transactions on Automation Science and Engineering},
  title={{Neural RRT*: Learning-Based Optimal Path Planning}},
  year={2020},
  volume={17},
  number={4},
  pages={1748-1758},
  doi={10.1109/TASE.2020.2976560}
}

% dijkstra start
@article{WAHAB2020233,
  title = {{A Comparative Review on Mobile Robot Path Planning: Classical or Meta-heuristic Methods?}},
  journal = {Annual Reviews in Control},
  volume = {50},
  pages = {233-252},
  year = {2020},
  issn = {1367-5788},
  doi = {https://doi.org/10.1016/j.arcontrol.2020.10.001},
  url = {https://www.sciencedirect.com/science/article/pii/S1367578820300675},
  author = {Ab Wahab, Mohd Nadhir and Nefti-Meziani, Samia and Atyabi, Adham},
  keywords = {Path planning, Classical, Meta-heuristic, Mobile robot, Navigation}
  }
% dijkstra end Ab Wahab, Mohd Nadhir and Nefti-Meziani, Samia and Atyabi, Adham


@ARTICLE{1972A,
  author={Hart, Peter E. and Nilsson, Nils J. and Raphael, Bertram},
  journal={IEEE Transactions on Systems Science and Cybernetics},
  title={{A Formal Basis for The Heuristic Determination of Minimum Cost Paths}},
  year={1968},
  volume={4},
  number={2},
  pages={100-107},
  doi={10.1109/TSSC.1968.300136}
}
% A*

% 1994Optimal
@incollection{1994Optimal,
  title={{Optimal And Efficient Path Planning for Partially Known Environments}},
  author={Stentz, Anthony},
  booktitle={{Intelligent Unmanned Ground Vehicles}},
  pages={203-220},
  year={1997},
  publisher={Springer},
  doi="10.1007/978-1-4615-6325-9_11",
  url="https://doi.org/10.1007/978-1-4615-6325-9_11"
}
% D*

@INPROCEEDINGS{1986Real,
  author={Khatib, Oussama},
  booktitle={{IEEE International Conference on Robotics and Automation}},
  title={{Real-time Obstacle Avoidance for Manipulators and Mobile Robots}},
  year={1985},
  volume={2},
  number={},
  pages={500-505},
  doi={10.1109/ROBOT.1985.1087247}
}
% APF

@Article{2006Ant,
  author={Luo, Qiang and Wang, Haibao and Zheng, Yan and He, Jingchang},
  title={{Research on Path Planning of Mobile Robot Based on Improved Ant Colony Algorithm}},
  journal={Neural Computing and Applications},
  year={2020},
  volume={32},
  number={6},
  pages={1555-1566},
  issn={1433-3058},
  doi={10.1007/s00521-019-04172-2},
  url={https://doi.org/10.1007/s00521-019-04172-2}
}

@INPROCEEDINGS{1997A,
	author={Kennedy, James and Eberhart, Russell C},
	booktitle={IEEE International Conference on Systems, Man, and Cybernetics. Computational Cybernetics and Simulation},
	title={{A Discrete Binary Version of The Particle Swarm Algorithm}},
	year={1997},
	volume={5},
	number={},
	pages={4104-4108},
	doi={10.1109/ICSMC.1997.637339}
}

% 粒子群算法
@article{1999Rapidly,
  title={{Rapidly-Exploring Random Trees: A New Tool for Path Planning}},
  author={LaValle, Steven M},
  journal={Research Report},
  year={1998},
  publisher={Ames, IA, USA}
}
% rrt

@ARTICLE{Kavraki1996Probabilistic,
  author={Kavraki, Lydia E and Svestka, Petr and Latombe, J-C and Overmars, Mark H},
  journal={IEEE Transactions on Robotics and Automation},
  title={{Probabilistic Roadmaps for Path Planning in High-dimensional Configuration Spaces}},
  year={1996},
  volume={12},
  number={4},
  pages={566-580},
  doi={10.1109/70.508439}
}

@INPROCEEDINGS{2013RRT,
  author={Islam, Fahad and Nasir, Jauwairia and Malik, Usman and Ayaz, Yasar and Hasan, Osman},
  booktitle={IEEE International Conference on Mechatronics and Automation},
  title={{RRT*-Smart: Rapid Convergence Implementation of RRT* Towards Optimal Solution}},
  year={2012},
  volume={},
  number={},
  pages={1651-1656},
  doi={10.1109/ICMA.2012.6284384}
 }

% rrt star  smart
@Article{2018Faster,
  author={Dong, Yiqun and Camci, Efe and Kayacan, Erdal},
  title={{Faster RRT-based Nonholonomic Path Planning in 2D Building Environments Using Skeleton-constrained Path Biasing}},
  journal={Journal of Intelligent {\&} Robotic Systems},
  year={2018},
  day={01},
  volume={89},
  number={3},
  pages={387-401},
  issn={1573-0409},
  doi={10.1007/s10846-017-0567-9},
  url={https://doi.org/10.1007/s10846-017-0567-9}
}

@ARTICLE{2018Neural,
  author={Li, Yang and Cui, Rongxin and Li, Zhijun and Xu, Demin},
  journal={IEEE Transactions on Industrial Electronics},
  title={{Neural Network Approximation Based Near-Optimal Motion Planning With Kinodynamic Constraints Using RRT}},
  year={2018},
  volume={65},
  number={11},
  pages={8718-8729},
  doi={10.1109/TIE.2018.2816000}
}

% topologymap
@article{2005Path,
title = {{Topology Optimization Techniques for Mobile Robot Path Planning}},
journal = {Applied Soft Computing},
volume = {78},
pages = {528-544},
year = {2019},
issn = {1568-4946},
doi = {https://doi.org/10.1016/j.asoc.2019.02.044},
url = {https://www.sciencedirect.com/science/article/pii/S1568494619301085},
author = {Li, Baotong and Liu, Honglei and Su, Wenjun}
}
% topologymap
@inproceedings{Jacob2006On,
  title={{Path Planning Using Probabilistic Cell Decomposition}},
  author={Lingelbach, Frank},
  booktitle={IEEE International Conference on Robotics and Automation},
  volume={1},
  pages={467--472},
  year={2004},
  organization={IEEE},
  doi={10.1109/ROBOT.2004.1307193}
}

@phdthesis{2000Graph,
  title={Graph Clustering by Flow Simulation},
  author={Van Dongen, Stijn Marinus},
  year={2000},
  school={University Utrecht}
}

@INPROCEEDINGS{2014irrt,
    author={Gammell, Jonathan D. and Srinivasa, Siddhartha S. and Barfoot, Timothy D.},
    booktitle={IEEE/RSJ International Conference on Intelligent Robots and Systems},
    title={{Informed RRT*: Optimal Sampling-based Path Planning Focused via Direct Sampling of An Admissible Ellipsoidal Heuristic}},
    year={2014},
    volume={},
    number={},
    pages={2997-3004},
    doi={10.1109/IROS.2014.6942976}
}

@INPROCEEDINGS{1997ESTs,
  author={Hsu, David and Latombe, J-C and Motwani, Rajeev},
  booktitle={Proceedings of International Conference on Robotics and Automation},
  title={{Path Planning in Expansive Configuration Spaces}},
  year={1997},
  volume={3},
  number={},
  pages={2719-2726},
  doi={10.1109/ROBOT.1997.619371}
}

% ESTs

@article{wang2018learning,
  title={{A Learning-based Multi-RRT Approach for Robot Path Planning in Narrow Passages}},
  author={Wang, Wei and Zuo, Lei and Xu, Xin},
  journal={Journal of Intelligent \& Robotic Systems},
  volume={90},
  number={1},
  pages={81-100},
  year={2018},
  publisher={Springer}
}

@INPROCEEDINGS{8726629,
  author={Mohammadi, Mehdi and Al-Fuqaha, Ala and Oh, Jun-Seok},
  booktitle={IEEE International Conference on Internet of Things and IEEE Green Computing and Communications and IEEE Cyber, Physical and Social Computing and IEEE Smart Data},
  title={{Path Planning in Support of Smart Mobility Applications Using Generative Adversarial Networks}},
  year={2018},
  volume={},
  number={},
  pages={878-885},
  doi={10.1109/Cybermatics_2018.2018.00168}
}
% book title +: and IEEE Green Computing and Communications and IEEE Cyber, Physical and Social Computing and IEEE Smart Data

@Article{Fukushima1980,
  author={Fukushima, Kunihiko},
  title={{Neocognitron: A Self-organizing Neural Network Model for A Mechanism of Pattern Recognition Unaffected by Shift in Position}},
  journal={Biological Cybernetics},
  year={1980},
  day={01},
  volume={36},
  number={4},
  pages={193-202},
  issn={1432-0770},
  doi={10.1007/BF00344251},
  url={https://doi.org/10.1007/BF00344251}
}

@ARTICLE{9712347,
  author={Wang, Jiankun and Li, Tingguang and Li, Baopu and Meng, Max Q.-H.},
  journal={IEEE Transactions on Intelligent Vehicles},
  title={{GMR-RRT*: Sampling-based Path Planning Using Gaussian Mixture Regression}},
  year={2022},
  volume={},
  number={},
  pages={},
  doi={10.1109/TIV.2022.3150748}
}

@inproceedings{NIPS2014_5ca3e9b1,
  author = {Goodfellow, Ian and Pouget-Abadie, Jean and Mirza, Mehdi and Xu, Bing and Warde-Farley, David and Ozair, Sherjil and Courville, Aaron and Bengio, Yoshua},
  booktitle = {Conference and Workshop on Neural Information Processing Systems},
  pages = {},
  title = {{Generative Adversarial Nets}},
  url = {https://proceedings.neurips.cc/paper/2014/file/5ca3e9b122f61f8f06494c97b1afccf3-Paper.pdf},
  year = {2014}
}

@article{WANG2021114541,
  title = {{Kinematic Constrained Bi-directional RRT with Efficient Branch Pruning for Robot Path Planning}},
  journal = {Expert Systems with Applications},
  volume = {170},
  pages = {114541},
  year = {2021},
  issn = {0957-4174},
  doi = {https://doi.org/10.1016/j.eswa.2020.114541},
  url = {https://www.sciencedirect.com/science/article/pii/S0957417420311854},
  author = {Jiankun Wang and Baopu Li and Max Q.-H. Meng}
}
% kb-rrt

@article{JEONG201982,
  title = {{Quick-RRT*: Triangular Inequality-based Implementation of RRT* With Improved Initial Solution and Convergence Rate}},
  journal = {Expert Systems with Applications},
  volume = {123},
  pages = {82-90},
  year = {2019},
  issn = {0957-4174},
  doi = {https://doi.org/10.1016/j.eswa.2019.01.032},
  url = {https://www.sciencedirect.com/science/article/pii/S0957417419300326},
  author = {Jeong, In-Bae and Lee, Seung-Jae and Kim, Jong-Hwan}
}

@article{LI2020113425,
title = {{PQ-RRT*: An Improved Path Planning Algorithm for Mobile Robots}},
journal = {Expert Systems with Applications},
volume = {152},
pages = {113425},
year = {2020},
issn = {0957-4174},
doi = {https://doi.org/10.1016/j.eswa.2020.113425},
url = {https://www.sciencedirect.com/science/article/pii/S0957417420302499},
author = {Li, Yanjie and Wei, Wu and Gao, Yong and Wang, Dongliang and Fan, Zhun}
}

@Article{Qureshi2016,
  author={Qureshi, Ahmed Hussain and Ayaz, Yasar},
  title={{Potential Functions Based Sampling Heuristic for Optimal Path Planning}},
  journal={Autonomous Robots},
  year={2016},
  day={01},
  volume={40},
  number={6},
  pages={1079-1093},
  issn={1573-7527},
  doi={10.1007/s10514-015-9518-0},
  url={https://doi.org/10.1007/s10514-015-9518-0}
}

@ARTICLE{8316983,
  author={Li, Yang and Cui, Rongxin and Li, Zhijun and Xu, Demin},
  journal={IEEE Transactions on Industrial Electronics},
  title={{Neural Network Approximation Based Near-Optimal Motion Planning With Kinodynamic Constraints Using RRT}},
  year={2018},
  c={65},
  number={11},
  pages={8718-8729},
  doi={10.1109/TIE.2018.2816000}
}

@ARTICLE{8329210,
  author={Chen, Long and Shan, Yunxiao and Tian, Wei and Li, Bijun and Cao, Dongpu},
  journal={IEEE/ASME Transactions on Mechatronics},
  title={{A Fast and Efficient Double-Tree RRT$^*$-Like Sampling-Based Planner Applying on Mobile Robotic Systems}},
  year={2018},
  volume={23},
  number={6},
  pages={2568-2578},
  doi={10.1109/TMECH.2018.2821767}}

@ARTICLE{9115288,
  author={Qi, Jie and Yang, Hui and Sun, Haixin},
  journal={IEEE Transactions on Industrial Electronics},
  title={{MOD-RRT*: A Sampling-Based Algorithm for Robot Path Planning in Dynamic Environment}},
  year={2021},
  volume={68},
  number={8},
  pages={7244-7251},
  doi={10.1109/TIE.2020.2998740}
}

% 1 1
@ARTICLE{Shi2022,
	AUTHOR={Shi, Kangjing and Huang, Li and Jiang, Du and Sun, Ying and Tong, Xiliang and Xie, Yuanming and Fang, Zifan},   
	TITLE={Path Planning Optimization of Intelligent Vehicle Based on Improved Genetic and Ant Colony Hybrid Algorithm},      
	JOURNAL={Frontiers in Bioengineering and Biotechnology},      
	VOLUME={10},  
  pages = 905983,         
	YEAR={2022},      
	URL={https://www.frontiersin.org/articles/10.3389/fbioe.2022.905983},       
	DOI={10.3389/fbioe.2022.905983},      
	ISSN={2296-4185}
}

@ARTICLE{Shi2022-hf,
  title = "Path planning optimization of intelligent vehicle based on
               improved genetic and ant colony hybrid algorithm",
  author = "Shi, Kangjing and Huang, Li and Jiang, Du and Sun, Ying and
               Tong, Xiliang and Xie, Yuanming and Fang, Zifan",
  journal = "Front. Bioeng. Biotechnol.",
  publisher = "Frontiers Media SA",
  volume =  10,
  pages = "905983",
  month =  jul,
  year =  2022,
  copyright = "https://creativecommons.org/licenses/by/4.0/",
}


% 2 2
@article{Zhang2022,
  doi = {10.3389/fbioe.2022.852408},
  url = {https://doi.org/10.3389/fbioe.2022.852408},
  year = {2022},
  month = {mar},
  publisher = {Frontiers Media {SA}},
  volume = {10},
  pages    = 852408,
  author = {Xiaofeng Zhang and Fan Xiao and XiLiang Tong and Juntong Yun and Ying Liu and Ying Sun and Bo Tao and Jianyi Kong and Manman Xu and Baojia Chen},
  title = {Time Optimal Trajectory Planing Based on Improved Sparrow Search Algorithm},
  journal = {Frontiers in Bioengineering and Biotechnology}
}

% 5 5
@article{Liu20211,
  doi = {10.1002/cpe.6710},
  url = {https://doi.org/10.1002/cpe.6710},
  year = {2021},
  publisher = {Wiley},
  volume = {34},
  number = {5},
  author = {Yibo Liu and Fan Xiao and Xiliang Tong and Bo Tao and Manman Xu and Guozhang Jiang and Baojia Chen and Yongcheng Cao and Nannan Sun},
  title = {Manipulator trajectory planning based on work subspace division},
  journal = {Concurrency and Computation: Practice and Experience}
}

@article{Liu2021,
  title={Manipulator trajectory planning based on work subspace division},
  author={Liu, Yibo and Xiao, Fan and Tong, Xiliang and Tao, Bo and Xu, Manman and Jiang, Guozhang and Chen, Baojia and Cao, Yongcheng and Sun, Nannan},
  journal={Concurrency and Computation: Practice and Experience},
  volume={34},
  number={5},
  pages={e6710},
  year={2022},
  publisher={Wiley Online Library},
  doi = {10.1002/cpe.6710},
  url = {https://doi.org/10.1002/cpe.6710},
  publisher = {Wiley}
}

@book{siciliano2008springer,
  title={Springer handbook of robotics},
  author={Siciliano, Bruno and Khatib, Oussama and Kr{\"o}ger, Torsten},
  volume={200},
  year={2008},
  publisher={Springer}
}


%%%%%%%%%%%%%%%%%%%%%%%%%%%%%%%%%%%%%%%%%%%%%% cgrrt

@article{lavalle2001rapidly,
  title={Rapidly-exploring random trees: Progress and prospects},
  author={LaValle, Steven M and Kuffner, James J},
  journal={International Journal of Robotics Research},
  volume={20},
  number={5},
  pages={378--400},
  year={2001},
  publisher={SAGE Publications}
}

@article{hart1968formal,
  title={A formal basis for the heuristic determination of minimum cost paths},
  author={Hart, Peter E and Nilsson, Nils J and Raphael, Bernard},
  journal={IEEE Transactions on Systems Science and Cybernetics},
  volume={4},
  number={2},
  pages={100--107},
  year={1968},
  publisher={IEEE}
}

@article{dijkstra1959note,
  title={A note on two problems in connexion with graphs},
  author={Dijkstra, Edsger W},
  journal={Numerische Mathematik},
  volume={1},
  number={1},
  pages={269--271},
  year={1959},
  publisher={Springer}
}

@inproceedings{kuffner2000randomized,
  title={Randomized kinodynamic planning},
  author={Kuffner, James J and LaValle, Steven M},
  booktitle={IEEE International Conference on Robotics and Automation},
  pages={1277--1283},
  year={2000},
  organization={IEEE}
}

@article{choset2002coverage,
  title={Coverage for mobile sensing networks},
  author={Choset, Howie and Bennett, Kevin H and Likhachev, Sergei K and Durfee, Dwight H},
  journal={Autonomous Robots},
  volume={13},
  number={3},
  pages={221--233},
  year={2002},
  publisher={Springer}
}

@article{borenstein1992vector,
  title={The vector field histogram-fast obstacle avoidance for mobile robots},
  author={Borenstein, Johann and Koren, Yoram},
  journal={IEEE Transactions on Robotics and Automation},
  volume={8},
  number={3},
  pages={278--288},
  year={1992},
  publisher={IEEE}
}

@article{rizzi1994neural,
  title={Neural network-based robot path planning},
  author={Rizzi, Alexander A and Laumond, Jean-Paul},
  journal={IEEE Transactions on Neural Networks},
  volume={5},
  number={3},
  pages={463--474},
  year={1994},
  publisher={IEEE}
}

@article{fox1993dynamic,
  title={The dynamic window approach to collision avoidance},
  author={Fox, Dieter and Burgard, Wolfgang and Thrun, Sebastian},
  journal={IEEE Transactions on Robotics and Automation},
  volume={9},
  number={5},
  pages={528--538},
  year={1993},
  publisher={IEEE}
}

@article{michalewicz1996genetic,
  title={Genetic Algorithms + Data Structures = Evolution programs (3rd},
  author={Rocke, DM},
  journal={Journal of the American Statistical Association},
  volume={95},
  number={449},
  pages={347},
  year={2000},
  publisher={Taylor \& Francis Ltd.}
}